%YAML 1.1
%TAG !u! tag:unity3d.com,2011:
--- !u!1 &2610710077607059437
GameObject:
  m_ObjectHideFlags: 0
  m_CorrespondingSourceObject: {fileID: 0}
  m_PrefabInstance: {fileID: 0}
  m_PrefabAsset: {fileID: 0}
  serializedVersion: 6
  m_Component:
  - component: {fileID: 2610710077607059441}
  - component: {fileID: 2610710077607059438}
  - component: {fileID: 2610710077607059436}
  - component: {fileID: 6123346986598572092}
  - component: {fileID: 1070000058947508681}
  m_Layer: 0
  m_Name: MirrorNet
  m_TagString: NetManager
  m_Icon: {fileID: 0}
  m_NavMeshLayer: 0
  m_StaticEditorFlags: 0
  m_IsActive: 1
--- !u!4 &2610710077607059441
Transform:
  m_ObjectHideFlags: 0
  m_CorrespondingSourceObject: {fileID: 0}
  m_PrefabInstance: {fileID: 0}
  m_PrefabAsset: {fileID: 0}
  m_GameObject: {fileID: 2610710077607059437}
  m_LocalRotation: {x: 0, y: 0, z: 0, w: 1}
  m_LocalPosition: {x: -40.07439, y: -34.637913, z: -1078.0955}
  m_LocalScale: {x: 1, y: 1, z: 1}
  m_ConstrainProportionsScale: 0
  m_Children: []
  m_Father: {fileID: 0}
  m_RootOrder: 0
  m_LocalEulerAnglesHint: {x: 0, y: 0, z: 0}
--- !u!114 &2610710077607059438
MonoBehaviour:
  m_ObjectHideFlags: 0
  m_CorrespondingSourceObject: {fileID: 0}
  m_PrefabInstance: {fileID: 0}
  m_PrefabAsset: {fileID: 0}
  m_GameObject: {fileID: 2610710077607059437}
  m_Enabled: 1
  m_EditorHideFlags: 0
  m_Script: {fileID: 11500000, guid: 79066a3e624c5d947b73d79ce54ea22a, type: 3}
  m_Name: 
  m_EditorClassIdentifier: 
  dontDestroyOnLoad: 1
  runInBackground: 1
  autoStartServerBuild: 1
  serverTickRate: 30
  offlineScene: 
  onlineScene: 
  transport: {fileID: 0}
  networkAddress: localhost
  maxConnections: 100
  authenticator: {fileID: 0}
  playerPrefab: {fileID: 3487875238882498883, guid: bbc76f7245feae04582ce78e5881acfd,
    type: 3}
  autoCreatePlayer: 1
  playerSpawnMethod: 0
  spawnPrefabs:
  - {fileID: 0}
  - {fileID: 0}
  - {fileID: 0}
  - {fileID: 996735581922838121, guid: b9d4c5b9dcc56094aa1ba76a83b6c8b4, type: 3}
  - {fileID: 0}
  - {fileID: 0}
  - {fileID: 0}
  SpecialOptionPrefab: {fileID: 0}
  spatialHashing: {fileID: 0}
--- !u!114 &2610710077607059436
MonoBehaviour:
  m_ObjectHideFlags: 0
  m_CorrespondingSourceObject: {fileID: 0}
  m_PrefabInstance: {fileID: 0}
  m_PrefabAsset: {fileID: 0}
  m_GameObject: {fileID: 2610710077607059437}
  m_Enabled: 0
  m_EditorHideFlags: 0
  m_Script: {fileID: 11500000, guid: 6442dc8070ceb41f094e44de0bf87274, type: 3}
  m_Name: 
  m_EditorClassIdentifier: 
  offsetX: 0
  offsetY: 0
--- !u!81 &6123346986598572092
AudioListener:
  m_ObjectHideFlags: 0
  m_CorrespondingSourceObject: {fileID: 0}
  m_PrefabInstance: {fileID: 0}
  m_PrefabAsset: {fileID: 0}
  m_GameObject: {fileID: 2610710077607059437}
  m_Enabled: 0
--- !u!114 &1070000058947508681
MonoBehaviour:
  m_ObjectHideFlags: 0
  m_CorrespondingSourceObject: {fileID: 0}
  m_PrefabInstance: {fileID: 0}
  m_PrefabAsset: {fileID: 0}
  m_GameObject: {fileID: 2610710077607059437}
  m_Enabled: 1
  m_EditorHideFlags: 0
  m_Script: {fileID: 11500000, guid: 39adc6e09d5544ed955a50ce8600355a, type: 3}
  m_Name: 
  m_EditorClassIdentifier: 
  visRange: 12
  rebuildInterval: 0.1
  checkMethod: 1
  showSlider: 0
